<?xml version="1.0" encoding="UTF-8"?><collection xmlns="http://www.loc.gov/MARC21/slim"><record><leader>00508nam--2200181-i-4500</leader><controlfield tag="001">000031422</controlfield><controlfield tag="002">20161230</controlfield><controlfield tag="005">20161230201038</controlfield><controlfield tag="008">060222s1000------------r-----000-0-ger-d</controlfield><datafield ind1=" " ind2=" " tag="040"><subfield code="a">IFIN-HH</subfield></datafield><datafield ind1=" " ind2=" " tag="041"><subfield code="a">ger</subfield></datafield><datafield ind1=" " ind2=" " tag="080"><subfield code="a">530.1:530.145.6</subfield></datafield><datafield ind1="1" ind2=" " tag="100"><subfield code="a">Macke, Wilhelm</subfield></datafield><datafield ind1="1" ind2="0" tag="245"><subfield code="a">Wellen ein lehrbuch der theoretischen physik.mit 160 abbildungen</subfield><subfield code="c">Wilhelm macke</subfield></datafield><datafield ind1=" " ind2=" " tag="260"><subfield code="a">Leipzig</subfield><subfield code="b">Akademische Verlagsgesellschaft</subfield><subfield code="c">1962</subfield></datafield><datafield ind1=" " ind2=" " tag="300"><subfield code="a">XII + 465P</subfield></datafield><datafield ind1=" " ind2=" " tag="852"><subfield code="a">6766</subfield><subfield code="c">530.1</subfield></datafield><datafield ind1=" " ind2=" " tag="CAT"><subfield code="a">Sys</subfield><subfield code="c">20160411</subfield><subfield code="h">104123</subfield></datafield></record></collection>